%@INBOOK{brooks2001-silver,
%	TITLE="The Mythical Man-Month",
%	CHAPTER="No Silver Bullet - Essence and Accident in Software Engineering",
%	AUTHOR="F. P. Brooks",
%	PAGES="177--203",
%	YEAR=2001,
%	PUBLISHER="Addison Wesley Longman Inc.",
%	ADDRESS="New York",
%	EDITION="15., Aufl."
%}
%
%@BOOK{mueller2000,
%	AUTHOR="J.-A. Müller",
%	TITLE="Systems Engineering",
%	PUBLISHER="Manz-Verlag Schulbuch (Fortis)",
%	YEAR=2000,
%	ADDRESS="Wien"
%}
%
%@TECHREPORT{pasche1992,
%	AUTHOR="M. Pasche",
%	TITLE="Synergetik und Evolutorische Ökonomik",
%	INSTITUTION="Universität Hannover Fachbereich Wirtschaftswissenschaften",
%	TYPE="Diskussionspapier",
%	NUMBER=179,
%	MONTH=dec,
%	YEAR=1992
%}

@MISC{guidelines-DotNet,
	HOWPUBLISHED = "\href{https://docs.microsoft.com/en-us/dotnet/standard/design-guidelines/}{https://docs.microsoft.com/en-us/dotnet/standard/design-guidelines/}",
	AUTHOR = "Microsoft",
	TITLE = "Framework Design Guidelines",
	MONTH = "Dezember",
	YEAR = "2017",
	NOTE = "Accessed on 2018-09-18"
}

@MISC{methode-635,
	HOWPUBLISHED = "\href{https://kreativitätstechniken.info/6-3-5-methode/}{https://kreativitätstechniken.info/6-3-5-methode/}",
	AUTHOR = "Kreativitätstechniken",
	TITLE = "635-Methode",
	MONTH = "Oktober",
	YEAR = "2011",
	NOTE = "Accessed on 2018-09-18"
}

@MISC{ISO9126_ISO25010,
	HOWPUBLISHED = "\href{https://www.johner-institut.de/blog/iec-62304-medizinische-software/iso-9126-und-iso-25010/}{https://www.johner-institut.de/blog/iec-62304-medizinische-software/iso-9126-und-iso-25010/}",
	AUTHOR = "Johner-Institut",
	TITLE = "ISO 25010 und ISO 9126",
	MONTH = "August",
	YEAR = "2015",
	NOTE = "Accessed on 2018-09-25"
}

@MISC{ISO9126,
	HOWPUBLISHED = "\href{https://de.wikipedia.org/wiki/ISO/IEC9126}{https://de.wikipedia.org/wiki/ISO/IEC9126}",
	AUTHOR = "Wikipedia",
	TITLE = "ISO 9126",
	MONTH = "Mai",
	YEAR = "2018",
	NOTE = "Accessed on 2018-09-25"
}


@MISC{SMART,
	HOWPUBLISHED = "\href{https://en.wikipedia.org/wiki/SMART\_criteria}{https://en.wikipedia.org/wiki/SMART\_criteria}",
	AUTHOR = "Wikipedia",
	TITLE = "SMART Criteria",
	MONTH = "August",
	YEAR = "2018",
	NOTE = "Accessed on 2018-09-27"
}

@MISC{ISO25010_Bild,
	HOWPUBLISHED = "\href{https://blog.seibert-media.net/blog/2018/05/14/qualitaet-funktionale-und-nichtfunktionale-anforderungen-in-der-software-entwicklung/}{https://blog.seibert-media.net/blog/2018/05/14/qualitaet-funktionale-und-nichtfunktionale-anforderungen-in-der-software-entwicklung/}",
	AUTHOR = "Micha Kops",
	TITLE = "Qualität, funktionale und nichtfunktionale Anforderungen in der Software-Entwicklung",
	MONTH = "Mai",
	YEAR = "2018",
	NOTE = "Accessed on 2018-09-25"
}

@MISC{Duplicated_Code,
	HOWPUBLISHED = "\href{https://solidsourceit.wordpress.com/2012/08/03/does-source-code-duplication-matter/}{https://solidsourceit.wordpress.com/2012/08/03/does-source-code-duplication-matter/}",
	AUTHOR = "SolidSourceIt",
	TITLE = "Does source code duplication matter?",
	MONTH = "August",
	YEAR = "2012",
	NOTE = "Accessed on 2018-10-06"
}

@MISC{NAT,
	HOWPUBLISHED = "\href{https://www.ip-insider.de/was-ist-nat-network-address-translation-a-663954/}{https://www.ip-insider.de/was-ist-nat-network-address-translation-a-663954/}",
	AUTHOR = "Andreas Donner",
	TITLE = "Was ist NAT (Network Address Translation)?",
	MONTH = "August",
	YEAR = "2017",
	NOTE = "Accessed on 2018-10-06"
}

